
@article{Griol:13,
    author  = "David Griol and Zoraida Callejas",
    title   = {An Architecture to Develop Multimodal Educative Applications with Chatbots},
    year    = "2013",
    volume  = "10",
    number = "3",
    publisher = {SAGE Publications},
    doi = "10.5772/55791"
}

@article{looije2008children,
  title={Children’s responses and opinion on three bots that motivate, educate and play},
  author={Looije, Rosemarijn and Neerincx, Mark A and Lange, Vincent de},
  year={2008},
  publisher={Red de Agentes F{\'\i}sicos}
}

@inproceedings{beun2003embodied,
  title={Embodied conversational agents: effects on memory performance and anthropomorphisation},
  author={Beun, Robbert-Jan and De Vos, Eveliene and Witteman, Cilia},
  booktitle={International Workshop on Intelligent Virtual Agents},
  pages={315--319},
  year={2003},
  organization={Springer}
}

@inproceedings{gilani:16,
    author = "Setareh Nasihati Gilani and Kraig Sheetz and Gale Lucas and David Traum",
    year = {2016},
    month = {09},
    pages = {128-140},
    title = {What Kind of Stories Should a Virtual Human Swap?},
    volume = {10011},
    isbn = {978-3-319-47664-3},
    doi = {10.1007/978-3-319-47665-0_12}
}

@inproceedings{pydial,
author = {Stefan Ultes and Lina Rojas-Barahona and Pei-Hao Su and David Vandyke and Dongho Kim and I\~{n}igo Casanueva and Paweł Budzianowski and Nikola Mrkšić and Tsung Hsien Wen and Milica Gasic and Steve Young},
year = {2017},
month = {01},
pages = {73-78},
title = {PyDial: A Multi-domain Statistical Dialogue System Toolkit},
doi = {10.18653/v1/P17-4013}
}




@book{Aho:72,
    author  = {Alfred V. Aho and Jeffrey D. Ullman},
    title   = {The Theory of Parsing, Translation and Compiling},
    year    = "1972",
    volume  = "1",
    publisher = {Prentice-Hall},
    address = {Englewood Cliffs, NJ}
}

@book{APA:83,
    author  = {{American Psychological Association}},
    title   = {Publications Manual},
    year    = "1983",
   publisher = {American Psychological Association},
   address = {Washington, DC}
}

@article{ACM:83,
	author = {Association for Computing Machinery},
	year = "1983",
	journal = {Computing Reviews},
	volume = "24",
	number = "11",
	pages = "503--512"
}

@article{Chandra:81,
	author = {Ashok K. Chandra and Dexter C. Kozen and Larry J. Stockmeyer},
	year = "1981",
	title = {Alternation},
	journal = {Journal of the Association for Computing Machinery},
	volume = "28",
	number = "1",
	pages = "114--133",
	doi = "10.1145/322234.322243",
}

@inproceedings{andrew2007scalable,
  title={Scalable training of {L1}-regularized log-linear models},
  author={Andrew, Galen and Gao, Jianfeng},
  booktitle={Proceedings of the 24th International Conference on Machine Learning},
  pages={33--40},
  year={2007},
}

@book{Gusfield:97,
    author  = {Dan Gusfield},
    title   = {Algorithms on Strings, Trees and Sequences},
    year    = "1997",
    publisher = {Cambridge University Press},
    address = {Cambridge, UK}
}

@inproceedings{borsch2011,
	Address = {Canberra, Australia},
	Author = {Benjamin Borschinger and Mark Johnson},
	Booktitle = {Proceedings of the Australasian Language Technology Association Workshop 2011},
	Month = {December},
	Pages = {10--18},
	Title = {A Particle Filter algorithm for {B}ayesian Wordsegmentation},
	Year = {2011}}

@article{rasooli-tetrault-2015,
    author    = {Mohammad Sadegh Rasooli and Joel R. Tetreault},
    title     = {Yara Parser: {A} Fast and Accurate Dependency Parser},
    journal   = {Computing Research Repository},
    volume    = {arXiv:1503.06733},
    year      = {2015},
    url       = {http://arxiv.org/abs/1503.06733},
    note    = {version 2}
}

@article{Ando2005,
	Acmid = {1194905},
	Author = {Ando, Rie Kubota and Zhang, Tong},
	Issn = {1532-4435},
	Issue_Date = {12/1/2005},
	Journal = {Journal of Machine Learning Research},
	Month = dec,
	Numpages = {37},
	Pages = {1817--1853},
	Publisher = {JMLR.org},
	Title = {A Framework for Learning Predictive Structures from Multiple Tasks and Unlabeled Data},
	Volume = {6},
	Year = {2005}}

@InProceedings{P16-1001,
  author =	"Goodman, James
  	 and Vlachos, Andreas
	     and Naradowsky, Jason",
  title =    "Noise reduction and targeted exploration in imitation learning for      Abstract Meaning Representation parsing    ",
  booktitle = 	    "Proceedings of the 54th Annual Meeting of the Association for      Computational Linguistics (Volume 1: Long Papers)    ",
  year =    "2016",
  publisher =	"Association for Computational Linguistics",
  pages =   "1--11",
  location =	"Berlin, Germany",
  doi =    "10.18653/v1/P16-1001",
  url =    "http://aclweb.org/anthology/P16-1001"
}

@InProceedings{C14-1001,
  author =	"Harper, Mary",
  title = 	"Learning from 26 Languages: Program Management and Science in the Babel Program",
  booktitle = 	"Proceedings of COLING 2014, the 25th International Conference on Computational Linguistics: Technical Papers",
  year =    "2014",
  publisher =	"Dublin City University and Association for Computational Linguistics",
  pages =   "1",
  location =	"Dublin, Ireland",
  url =    "http://aclweb.org/anthology/C14-1001"
}


